@article{Gavai:2008zr,
    author = "Gavai, R. V. and Gupta, Sourendu",
    title = "{QCD at finite chemical potential with six time slices}",
    eprint = "0806.2233",
    archivePrefix = "arXiv",
    primaryClass = "hep-lat",
    reportNumber = "TIFR-TH-08-26",
    doi = "10.1103/PhysRevD.78.114503",
    journal = "Phys. Rev. D",
    volume = "78",
    pages = "114503",
    year = "2008"
}

@article{Wakayama:2018wkc,
    author = "Wakayama, M. and Bornyakov, V. G. and Boyda, D. L. and Goy, V. A. and Iida, H. and Molochkov, A. V. and Nakamura, A. and Zakharov, V. I.",
    title = "{Lee-Yang zeros in lattice QCD for searching phase transition points}",
    eprint = "1802.02014",
    archivePrefix = "arXiv",
    primaryClass = "hep-lat",
    doi = "10.1016/j.physletb.2019.04.040",
    journal = "Phys. Lett. B",
    volume = "793",
    pages = "227--233",
    year = "2019"
}


@article{Mercer:1990,
author = "Mercer, G. N. and Roberts, A. J.",
title = "{A centre manifold description of contaminant dispersion in channels with varying flow properties}",
    journal = "SIAM J. Appl. Math.",
    doi= "xx",
    volume = "50",
    pages = "1547",
    year = "1990"
}
@article{Clark:2006fx,
    author = "Clark, M. A. and Kennedy, A. D.",
    title = "{Accelerating dynamical fermion computations using the rational hybrid Monte Carlo (RHMC) algorithm with multiple pseudofermion fields}",
    eprint = "hep-lat/0608015",
    archivePrefix = "arXiv",
    doi = "10.1103/PhysRevLett.98.051601",
    journal = "Phys. Rev. Lett.",
    volume = "98",
    pages = "051601",
    year = "2007"
}
@article{Dimopoulos:2021vrk,
    author = "Dimopoulos, P. and Dini, L. and Di Renzo, F. and Goswami, J. and Nicotra, G. and Schmidt, C. and Singh, S. and Zambello, K. and Ziesch\'e, F.",
    title = "{A contribution to understanding the phase structure of strong interaction matter: Lee-Yang edge singularities from lattice QCD}",
    eprint = "2110.15933",
    archivePrefix = "arXiv",
    primaryClass = "hep-lat",
    month = "10",
    year = "2021"
}

@inproceedings{Nicotra:2021ijp,
    author = "Nicotra, Guido and Dimopoulos, Petros and Dini, Lorenzo and Di Renzo, Francesco and Goswami, Jishnu and Schmidt, Christian and Singh, Simran and Zambello, Kevin and Ziesche, Felix",
    title = "{Lee-Yang edge singularities in 2+1 flavor QCD with imaginary chemical potential}",
    booktitle = "{38th International Symposium on Lattice Field Theory}",
    eprint = "2111.05630",
    archivePrefix = "arXiv",
    primaryClass = "hep-lat",
    month = "11",
    year = "2021"
}


@article{Vovchenko:2016rkn,
    author = "Vovchenko, Volodymyr and Gorenstein, Mark I. and Stoecker, Horst",
    title = "{van der Waals Interactions in Hadron Resonance Gas: From Nuclear Matter to Lattice QCD}",
    eprint = "1609.03975",
    archivePrefix = "arXiv",
    primaryClass = "hep-ph",
    doi = "10.1103/PhysRevLett.118.182301",
    journal = "Phys. Rev. Lett.",
    volume = "118",
    number = "18",
    pages = "182301",
    year = "2017"
}
@article{Lo:2017ldt,
    author = "Lo, Pok Man and Friman, Bengt and Marczenko, Michal and Redlich, Krzysztof and Sasaki, Chihiro",
    title = "{Repulsive interactions and their effects on the thermodynamics of a hadron gas}",
    eprint = "1703.00306",
    archivePrefix = "arXiv",
    primaryClass = "nucl-th",
    doi = "10.1103/PhysRevC.96.015207",
    journal = "Phys. Rev. C",
    volume = "96",
    number = "1",
    pages = "015207",
    year = "2017"
}

@article{Mondal:2021jxk,
    author = "Mondal, Sourav and Mukherjee, Swagato and Hegde, Prasad",
    title = "{Lattice QCD Equation of State for Nonvanishing Chemical Potential by Resumming Taylor Expansions}",
    eprint = "2106.03165",
    archivePrefix = "arXiv",
    primaryClass = "hep-lat",
    doi = "10.1103/PhysRevLett.128.022001",
    journal = "Phys. Rev. Lett.",
    volume = "128",
    number = "2",
    pages = "022001",
    year = "2022"
}

@inproceedings{Guenther:2022wcr,
    author = "Guenther, Jana N.",
    title = "{An overview of the QCD phase diagram at finite $T$ and $\mu$}",
    booktitle = "{38th International Symposium on Lattice Field Theory}",
    eprint = "2201.02072",
    archivePrefix = "arXiv",
    primaryClass = "hep-lat",
    month = "1",
    year = "2022"
}
@article{Ding:2015ona,
    author = "Ding, Heng-Tong and Karsch, Frithjof and Mukherjee, Swagato",
    title = "{Thermodynamics of strong-interaction matter from Lattice QCD}",
    eprint = "1504.05274",
    archivePrefix = "arXiv",
    primaryClass = "hep-lat",
    doi = "10.1142/S0218301315300076",
    journal = "Int. J. Mod. Phys. E",
    volume = "24",
    number = "10",
    pages = "1530007",
    year = "2015"
}
@article{Mukherjee:2021tyg,
    author = "Mukherjee, Swagato and Rennecke, Fabian and Skokov, Vladimir V.",
    title = "{Analytical structure of the equation of state at finite density: Resummation versus expansion in a low energy model}",
    eprint = "2110.02241",
    archivePrefix = "arXiv",
    primaryClass = "hep-ph",
    doi = "10.1103/PhysRevD.105.014026",
    journal = "Phys. Rev. D",
    volume = "105",
    number = "1",
    pages = "014026",
    year = "2022"
}
@article{Borsanyi:2021sxv,
    author = "Bors\'anyi, S. and Fodor, Z. and Guenther, J. N. and Kara, R. and Katz, S. D. and Parotto, P. and P\'asztor, A. and Ratti, C. and Szab\'o, K. K.",
    title = "{Lattice QCD equation of state at finite chemical potential from an alternative expansion scheme}",
    eprint = "2102.06660",
    archivePrefix = "arXiv",
    primaryClass = "hep-lat",
    doi = "10.1103/PhysRevLett.126.232001",
    journal = "Phys. Rev. Lett.",
    volume = "126",
    number = "23",
    pages = "232001",
    year = "2021"
}
@article{Skokov:2010uc,
    author = "Skokov, V. and Morita, K. and Friman, B.",
    title = "{Mapping the phase diagram of strongly interacting matter}",
    eprint = "1008.4549",
    archivePrefix = "arXiv",
    primaryClass = "hep-ph",
    doi = "10.1103/PhysRevD.83.071502",
    journal = "Phys. Rev. D",
    volume = "83",
    pages = "071502",
    year = "2011"
}
@article{Basar:2021gyi,
    author = "Basar, Gokce and Dunne, Gerald and Yin, Zelong",
    title = "{Uniformizing Lee-Yang Singularities}",
    eprint = "2112.14269",
    archivePrefix = "arXiv",
    primaryClass = "hep-th",
    month = "12",
    year = "2021"
}
@article{Mukherjee:2019eou,
    author = "Mukherjee, Swagato and Skokov, Vladimir",
    title = "{Universality driven analytic structure of the QCD crossover: radius of convergence in the baryon chemical potential}",
    eprint = "1909.04639",
    archivePrefix = "arXiv",
    primaryClass = "hep-ph",
    doi = "10.1103/PhysRevD.103.L071501",
    journal = "Phys. Rev. D",
    volume = "103",
    number = "7",
    pages = "L071501",
    year = "2021"
}
@article{Giordano:2019gev,
    author = "Giordano, Matteo and Kapas, Kornel and Katz, Sandor D. and Nogradi, Daniel and Pasztor, Attila",
    title = "{Radius of convergence in lattice QCD at finite $\mu_B$ with rooted staggered fermions}",
    eprint = "1911.00043",
    archivePrefix = "arXiv",
    primaryClass = "hep-lat",
    doi = "10.1103/PhysRevD.101.074511",
    journal = "Phys. Rev. D",
    volume = "101",
    number = "7",
    pages = "074511",
    year = "2020"
}
@article{Datta:2016ukp,
    author = "Datta, Saumen and Gavai, Rajiv V. and Gupta, Sourendu",
    title = "{Quark number susceptibilities and equation of state at finite chemical potential in staggered QCD with Nt=8}",
    eprint = "1612.06673",
    archivePrefix = "arXiv",
    primaryClass = "hep-lat",
    reportNumber = "TIFR-TH-16-51",
    doi = "10.1103/PhysRevD.95.054512",
    journal = "Phys. Rev. D",
    volume = "95",
    number = "5",
    pages = "054512",
    year = "2017"
}
@article{Gavai:2004sd,
    author = "Gavai, R. V. and Gupta, Sourendu",
    title = "{The Critical end point of QCD}",
    eprint = "hep-lat/0412035",
    archivePrefix = "arXiv",
    doi = "10.1103/PhysRevD.71.114014",
    journal = "Phys. Rev. D",
    volume = "71",
    pages = "114014",
    year = "2005"
}
@article{Karsch:2010hm,
    author = "Karsch, Frithjof and Schaefer, Bernd-Jochen and Wagner, Mathias and Wambach, Jochen",
    title = "{Towards finite density QCD with Taylor expansions}",
    eprint = "1009.5211",
    archivePrefix = "arXiv",
    primaryClass = "hep-ph",
    doi = "10.1016/j.physletb.2011.03.013",
    journal = "Phys. Lett. B",
    volume = "698",
    pages = "256--264",
    year = "2011"
}

@inproceedings{Altenkort:2021fqk,
    author = "Altenkort, Luis and Bollweg, Dennis and Clarke, David Anthony and Kaczmarek, Olaf and Mazur, Lukas and Schmidt, Christian and Scior, Philipp and Shu, Hai-Tao",
    title = "{HotQCD on Multi-GPU Systems}",
    booktitle = "{38th International Symposium on Lattice Field Theory}",
    eprint = "2111.10354",
    archivePrefix = "arXiv",
    primaryClass = "hep-lat",
    month = "11",
    year = "2021"
}

@article{MILC:2010pul,
    author = "Bazavov, A. and others",
    collaboration = "MILC",
    title = "{Scaling studies of QCD with the dynamical HISQ action}",
    eprint = "1004.0342",
    archivePrefix = "arXiv",
    primaryClass = "hep-lat",
    doi = "10.1103/PhysRevD.82.074501",
    journal = "Phys. Rev. D",
    volume = "82",
    pages = "074501",
    year = "2010"
}

@article{Bazavov:2012vg,
    author = "Bazavov, A. and others",
    title = "{Freeze-out Conditions in Heavy Ion Collisions from QCD Thermodynamics}",
    eprint = "1208.1220",
    archivePrefix = "arXiv",
    primaryClass = "hep-lat",
    doi = "10.1103/PhysRevLett.109.192302",
    journal = "Phys. Rev. Lett.",
    volume = "109",
    pages = "192302",
    year = "2012"
}
@article{Olive:1980dy,
    author = "Olive, Keith A.",
    title = "{The Thermodynamics of the Quark - Hadron Phase Transition in the Early Universe}",
    reportNumber = "EFI-80-52-CHICAGO",
    doi = "10.1016/0550-3213(81)90444-2",
    journal = "Nucl. Phys. B",
    volume = "190",
    pages = "483--503",
    year = "1981"
}
@article{Olive:1982we,
    author = "Olive, Keith A.",
    title = "{THE QUARK - HADRON TRANSITION IN SYSTEMS WITH NET BARYON NUMBER}",
    doi = "10.1016/0550-3213(82)90335-2",
    journal = "Nucl. Phys. B",
    volume = "198",
    pages = "461--473",
    year = "1982"
}
@article{Huovinen:2017ogf,
    author = "Huovinen, Pasi and Petreczky, Peter",
    title = "{Hadron resonance gas with repulsive interactions and fluctuations of conserved charges}",
    eprint = "1708.00879",
    archivePrefix = "arXiv",
    primaryClass = "hep-ph",
    doi = "10.1016/j.physletb.2017.12.001",
    journal = "Phys. Lett. B",
    volume = "777",
    pages = "125--130",
    year = "2018"
}

@article{Goswami:2020yez,
    author = "Goswami, Jishnu and Karsch, Frithjof and Schmidt, Christian and Mukherjee, Swagato and Petreczky, Peter",
    title = "{Comparing conserved charge fluctuations from lattice QCD to HRG model calculations}",
    eprint = "2011.02812",
    archivePrefix = "arXiv",
    primaryClass = "hep-lat",
    journal = "Acta Phys. Polon. Supp.",
    volume = "14",
    pages = "251",
    year = "2021"
}
@inproceedings{Goswami:2021SQM,
    author = "Goswami, Jishnu and Karsch, Frithjof and Schmidt, Christian and Mukherjee, Swagato and Petreczky, Peter",
    booktitle = "{Online Strangeness in Quark Matter Conference 2021}",
    title = "{Conserved charge fluctuations at vanishing net-baryon density from Lattice QCD}",
%booktitle="{https://indico.cern.ch/event/985652/contributions/4305190/attachments/2245860/3809180/SQM_conf.pdf}",
year ="2021"
}

@article{ParticleDataGroup:2020ssz,
    author = "Zyla, P. A. and others",
    collaboration = "Particle Data Group",
    title = "{Review of Particle Physics}",
    doi = "10.1093/ptep/ptaa104",
    journal = "PTEP",
    volume = "2020",
    number = "8",
    pages = "083C01",
    year = "2020"
}
@article{DElia:2002tig,
    author = "D'Elia, Massimo and Lombardo, Maria-Paola",
    title = "{Finite density QCD via imaginary chemical potential}",
    eprint = "hep-lat/0209146",
    archivePrefix = "arXiv",
    reportNumber = "GEF-TH-2002-12",
    doi = "10.1103/PhysRevD.67.014505",
    journal = "Phys. Rev. D",
    volume = "67",
    pages = "014505",
    year = "2003"
}
@article{Allton:2005gk,
    author = "Allton, C. R. and Doring, M. and Ejiri, S. and Hands, S. J. and Kaczmarek, O. and Karsch, F. and Laermann, E. and Redlich, K.",
    title = "{Thermodynamics of two flavor QCD to sixth order in quark chemical potential}",
    eprint = "hep-lat/0501030",
    archivePrefix = "arXiv",
    reportNumber = "BI-TP-2005-02, SWAT-05-422",
    doi = "10.1103/PhysRevD.71.054508",
    journal = "Phys. Rev. D",
    volume = "71",
    pages = "054508",
    year = "2005"
}

@article{Hagedorn:1980kb,
    author = "Hagedorn, R. and Rafelski, Johann",
    title = "{Hot Hadronic Matter and Nuclear Collisions}",
    eprint = "CERN-TH-2922",
    doi = "10.1016/0370-2693(80)90566-3",
    journal = "Phys. Lett. B",
    volume = "97",
    pages = "136",
    year = "1980"
}

@inproceedings{Hagedorn:1980cv,
    author = "Hagedorn, R. and Rafelski, Johann",
    title = "{From Hadron Gas to Quark Matter. 1.}",
    booktitle = "{International Conference on Nuclear Physics}",
    eprint = "CERN-TH-2947, C80-08-24-1",
    month = "9",
    year = "1980"
}

@article{Koch:2005vg,
    author = "Koch, V. and Majumder, A. and Randrup, J.",
    title = "{Baryon-strangeness correlations: A Diagnostic of strongly interacting matter}",
    eprint = "nucl-th/0505052",
    archivePrefix = "arXiv",
    reportNumber = "LBNL-57613",
    doi = "10.1103/PhysRevLett.95.182301",
    journal = "Phys. Rev. Lett.",
    volume = "95",
    pages = "182301",
    year = "2005"
}

@article{Friman:2015zua,
    author = "Friman, Bengt and Lo, Pok Man and Marczenko, Micha\l{} and Redlich, Krzysztof and Sasaki, Chihiro",
    title = "{Strangeness fluctuations from $K-\pi$ interactions}",
    eprint = "1507.04183",
    archivePrefix = "arXiv",
    primaryClass = "hep-ph",
    doi = "10.1103/PhysRevD.92.074003",
    journal = "Phys. Rev. D",
    volume = "92",
    number = "7",
    pages = "074003",
    year = "2015"
}

@article{Giacosa:2018vbw,
    author = "Giacosa, Francesco",
    title = "{The light scalar $K_{0}^{\ast}(700)$ in the vacuum and at nonzero temperature}",
    report = "{13th Workshop on Particle Correlations and Femtoscopy}",
    eprint = "1811.00298",
    archivePrefix = "arXiv",
    primaryClass = "hep-ph",
    journal = "Acta Phys. Pol. B Proc. Suppl.",
    volume = "12",
    pages =  "283",
    year = "2019"
}
@article{Halasz:1998qr,
    author = "Halasz, Adam Miklos and Jackson, A. D. and Shrock, R. E. and Stephanov, Misha A. and Verbaarschot, J. J. M.",
    title = "{On the phase diagram of QCD}",
    eprint = "hep-ph/9804290",
    archivePrefix = "arXiv",
    doi = "10.1103/PhysRevD.58.096007",
    journal = "Phys. Rev. D",
    volume = "58",
    pages = "096007",
    year = "1998"
}
@article{HotQCD:2019xnw,
    author = "Ding, H. T. and others",
    collaboration = "HotQCD",
    title = "{Chiral Phase Transition Temperature in ( 2+1 )-Flavor QCD}",
    eprint = "1903.04801",
    archivePrefix = "arXiv",
    primaryClass = "hep-lat",
    doi = "10.1103/PhysRevLett.123.062002",
    journal = "Phys. Rev. Lett.",
    volume = "123",
    number = "6",
    pages = "062002",
    year = "2019"
}

@article{Dash:2018mep,
    author = "Dash, Ashutosh and Samanta, Subhasis and Mohanty, Bedangadas",
    title = "{Thermodynamics of a gas of hadrons with attractive and repulsive interactions within an S -matrix formalism}",
    eprint = "1806.02117",
    archivePrefix = "arXiv",
    primaryClass = "hep-ph",
    doi = "10.1103/PhysRevC.99.044919",
    journal = "Phys. Rev. C",
    volume = "99",
    number = "4",
    pages = "044919",
    year = "2019"
}
@article{Adam:2019koz,
    author = "Adam, Jaroslav and others",
    collaboration = "STAR",
    title = "{Strange hadron production in Au+Au collisions at $\sqrt{s_{NN}}=$7.7 , 11.5, 19.6, 27, and 39 GeV}",
    eprint = "1906.03732",
    archivePrefix = "arXiv",
    primaryClass = "nucl-ex",
    doi = "10.1103/PhysRevC.102.034909",
    journal = "Phys. Rev. C",
    volume = "102",
    number = "3",
    pages = "034909",
    year = "2020"
}

@article{Dash:2018can,
    author = "Dash, Ashutosh and Samanta, Subhasis and Mohanty, Bedangadas",
    title = "{Interacting hadron resonance gas model in the K -matrix formalism}",
    eprint = "1802.04998",
    archivePrefix = "arXiv",
    primaryClass = "nucl-th",
    doi = "10.1103/PhysRevC.97.055208",
    journal = "Phys. Rev. C",
    volume = "97",
    number = "5",
    pages = "055208",
    year = "2018"
}

@article{Capstick:1993kb,
    author = "Capstick, Simon and Roberts, Winston",
    title = "{Quasi two-body decays of nonstrange baryons}",
    eprint = "nucl-th/9310030",
    archivePrefix = "arXiv",
    reportNumber = "CEBAF-TH-93-18",
    doi = "10.1103/PhysRevD.49.4570",
    journal = "Phys. Rev. D",
    volume = "49",
    pages = "4570--4586",
    year = "1994"
}

@article{Hunt:2018wqz,
    author = "Hunt, B. C. and Manley, D. M.",
    title = "{Updated determination of $N^*$ resonance parameters using a unitary, multichannel formalism}",
    eprint = "1810.13086",
    archivePrefix = "arXiv",
    primaryClass = "nucl-ex",
    doi = "10.1103/PhysRevC.99.055205",
    journal = "Phys. Rev. C",
    volume = "99",
    number = "5",
    pages = "055205",
    year = "2019"
}

@article{Bazavov:2012jq,
    author = "Bazavov, A. and others",
    collaboration = "HotQCD",
    title = "{Fluctuations and Correlations of net baryon number, electric charge, and strangeness: A comparison of lattice QCD results with the hadron resonance gas model}",
    eprint = "1203.0784",
    archivePrefix = "arXiv",
    primaryClass = "hep-lat",
    doi = "10.1103/PhysRevD.86.034509",
    journal = "Phys. Rev. D",
    volume = "86",
    pages = "034509",
    year = "2012"
}

@article{BraunMunzinger:2003zd,
    author = "Braun-Munzinger, Peter and Redlich, Krzysztof and Stachel, Johanna",
    editor = "Hwa, Rudolph C. and Wang, Xin-Nian",
    title = "{Particle production in heavy ion collisions}",
    eprint = "nucl-th/0304013",
    archivePrefix = "arXiv",
    reportNumber = "GSI-PREPRINT-2003-13",
    doi = "10.1142/9789812795533-0008",
    booktitle="{Quark Gluon Plasma 3, 491 (2003)}" 
    pages = "491--599",
    month = "4",
    year = "2003"
}

@article{Menapara:2021dzi,
    author = "Menapara, Chandni and Rai, Ajay Kumar",
    title = "{Spectroscopic investigation of light strange S=-1 $\Lambda$, $\Sigma$ and S=-2 $\Xi$ baryons}",
    eprint = "2104.00439",
    archivePrefix = "arXiv",
    primaryClass = "hep-ph",
    doi = "10.1088/1674-1137/abf4f4",
    journal = "Chin. Phys. C",
    volume = "45",
    number = "6",
    pages = "063108",
    year = "2021"
}


@article{Bhattacharyya:2015zka,
    author = "Bhattacharyya, Abhijit and Ray, Rajarshi and Samanta, Subhasis and Sur, Subrata",
    title = "{Thermodynamics and fluctuations of conserved charges in a hadron resonance gas model in a finite volume}",
    eprint = "1502.00889",
    archivePrefix = "arXiv",
    primaryClass = "hep-ph",
    doi = "10.1103/PhysRevC.91.041901",
    journal = "Phys. Rev. C",
    volume = "91",
    number = "4",
    pages = "041901",
    year = "2015"
}

@article{Karsch:2015zna,
    author = "Karsch, Frithjof and Morita, Kenji and Redlich, Krzysztof",
    title = "{Effects of kinematic cuts on net-electric charge fluctuations}",
    eprint = "1508.02614",
    archivePrefix = "arXiv",
    primaryClass = "hep-ph",
    reportNumber = "YITP-15-60",
    doi = "10.1103/PhysRevC.93.034907",
    journal = "Phys. Rev. C",
    volume = "93",
    number = "3",
    pages = "034907",
    year = "2016"
}

@article{Engels:1981ab,
    author = "Engels, J. and Karsch, F. and Satz, H.",
    title = "{Finite Size Effects in Euclidean Lattice Thermodynamics for Noninteracting Bose and Fermi Systems}",
    reportNumber = "BI-TP 81/28",
    doi = "10.1016/0550-3213(82)90387-X",
    journal = "Nucl. Phys. B",
    volume = "205",
    pages = "239--252",
    year = "1982"
}

@article{Gorenstein:1981fa,
    author = "Gorenstein, Mark I. and Petrov, V. K. and Zinovev, G. M.",
    title = "{Phase Transition in the Hadron Gas Model}",
    reportNumber = "ITF-81-74E",
    doi = "10.1016/0370-2693(81)90546-3",
    journal = "Phys. Lett. B",
    volume = "106",
    pages = "327--330",
    year = "1981"
}

@article{Taradiy:2019taz,
    author = "Taradiy, Kirill and Motornenko, Anton and Vovchenko, Volodymyr and Gorenstein, Mark I. and Stoecker, Horst",
    title = "{The analytic structure of thermodynamic systems with repulsive interactions}",
    eprint = "1904.08259",
    archivePrefix = "arXiv",
    primaryClass = "hep-ph",
    doi = "10.1103/PhysRevC.100.065202",
    journal = "Phys. Rev. C",
    volume = "100",
    number = "6",
    pages = "065202",
    year = "2019"
}

@article{Vovchenko:2014pka,
    author = "Vovchenko, V. and Anchishkin, D. V. and Gorenstein, M. I.",
    title = "{Hadron Resonance Gas Equation of State from Lattice QCD}",
    eprint = "1412.5478",
    archivePrefix = "arXiv",
    primaryClass = "nucl-th",
    doi = "10.1103/PhysRevC.91.024905",
    journal = "Phys. Rev. C",
    volume = "91",
    number = "2",
    pages = "024905",
    year = "2015"
}

@article{Karsch:1979zt,
    author = "Karsch, F. and Satz, H.",
    title = "{On the Thermodynamics of Extended Hadrons}",
    reportNumber = "BI-TP 79/31",
    doi = "10.1103/PhysRevD.21.1168",
    journal = "Phys. Rev. D",
    volume = "21",
    pages = "1168",
    year = "1980"
}
  
@article{Fiore:1977pb,
    author = "Fiore, R. and Page, R. and Sertorio, L.",
    title = "{Macroscopic Hadron Gas Approaching Fireball Behavior}",
    doi = "10.1007/BF02790581",
    journal = "Nuovo Cim. A",
    volume = "37",
    pages = "45--54",
    year = "1977"
}
  
@article{Venugopalan:1992hy,
    author = "Venugopalan, R. and Prakash, M.",
    title = "{Thermal properties of interacting hadrons}",
    doi = "10.1016/0375-9474(92)90005-5",
    journal = "Nucl. Phys. A",
    volume = "546",
    pages = "718--760",
    year = "1992"
}

@article{Dashen:1969ep,
    author = "Dashen, Roger and Ma, Shang-Keng and Bernstein, Herbert J.",
    title = "{S Matrix formulation of statistical mechanics}",
    doi = "10.1103/PhysRev.187.345",
    journal = "Phys. Rev.",
    volume = "187",
    pages = "345--370",
    year = "1969"
}

@article{Hagedorn:1965st,
    author = "Hagedorn, R.",
    title = "{Statistical thermodynamics of strong interactions at high-energies}",
    reportNumber = "CERN-TH-520",
    journal = "Nuovo Cim. Suppl.",
    volume = "3",
    pages = "147--186",
    year = "1965"
}

@article{Broniowski:2015oha,
    author = "Broniowski, Wojciech and Giacosa, Francesco and Begun, Viktor",
    title = "{Cancellation of the $\sigma$ meson in thermal models}",
    eprint = "1506.01260",
    archivePrefix = "arXiv",
    primaryClass = "nucl-th",
    doi = "10.1103/PhysRevC.92.034905",
    journal = "Phys. Rev. C",
    volume = "92",
    number = "3",
    pages = "034905",
    year = "2015"
}

@article{Ablikim:2010ab,
    author = "Ablikim, M. and others",
    collaboration = "BES",
    title = "{Observation of charged $\kappa$ in $J/\psi -> K^*(892)^{-+}K_s\ pi^{+-}$, $K^*(892)^{-+} -> K_s\pi^{-+}$ at BESII}",
    eprint = "1008.4489",
    archivePrefix = "arXiv",
    primaryClass = "hep-ex",
    doi = "10.1016/j.physletb.2011.03.011",
    journal = "Phys. Lett. B",
    volume = "698",
    pages = "183--190",
    year = "2011"
}

@article{Ablikim:2005ni,
    author = "Ablikim, M. and others",
    collaboration = "BES",
    title = "{Evidence for kappa meson production in J/psi ---\ensuremath{>} anti-K* (892)0 K+ pi- process}",
    eprint = "hep-ex/0506055",
    archivePrefix = "arXiv",
    doi = "10.1016/j.physletb.2005.12.062",
    journal = "Phys. Lett. B",
    volume = "633",
    pages = "681--690",
    year = "2006"
}



@article{Lo:2017lym,
    author = "Lo, Pok Man and Friman, Bengt and Redlich, Krzysztof and Sasaki, Chihiro",
    title = "{S-matrix analysis of the baryon electric charge correlation}",
    eprint = "1710.02711",
    archivePrefix = "arXiv",
    primaryClass = "hep-ph",
    doi = "10.1016/j.physletb.2018.01.016",
    journal = "Phys. Lett. B",
    volume = "778",
    pages = "454--458",
    year = "2018"
}

@article{Andronic:2018qqt,
    author = "Andronic, Anton and Braun-Munzinger, Peter and Friman, Bengt and Lo, Pok Man and Redlich, Krzysztof and Stachel, Johanna",
    title = "{The thermal proton yield anomaly in Pb-Pb collisions at the LHC and its resolution}",
    eprint = "1808.03102",
    archivePrefix = "arXiv",
    primaryClass = "hep-ph",
    doi = "10.1016/j.physletb.2019.03.052",
    journal = "Phys. Lett. B",
    volume = "792",
    pages = "304--309",
    year = "2019"
}

@article{Fernandez-Ramirez:2018vzu,
    author = "Fern\'andez-Ram\'\i{}rez, C\'esar and Lo, Pok Man and Petreczky, Peter",
    title = "{Thermodynamics of the strange baryon system from a coupled-channels analysis and missing states}",
    eprint = "1806.02177",
    archivePrefix = "arXiv",
    primaryClass = "hep-ph",
    doi = "10.1103/PhysRevC.98.044910",
    journal = "Phys. Rev. C",
    volume = "98",
    number = "4",
    pages = "044910",
    year = "2018"
}


@article{Kapusta:1982qd,
    author = "Kapusta, Joseph I. and Olive, Keith A.",
    title = "{Thermodynamics of Hadrons: Delimiting the Temperature}",
    reportNumber = "CERN-TH-3421",
    doi = "10.1016/0375-9474(83)90241-5",
    journal = "Nucl. Phys. A",
    volume = "408",
    pages = "478--494",
    year = "1983"
}

@article{Huovinen:2017ogf,
    author = "Huovinen, Pasi and Petreczky, Peter",
    title = "{Hadron resonance gas with repulsive interactions and fluctuations of conserved charges}",
    eprint = "1708.00879",
    archivePrefix = "arXiv",
    primaryClass = "hep-ph",
    doi = "10.1016/j.physletb.2017.12.001",
    journal = "Phys. Lett. B",
    volume = "777",
    pages = "125--130",
    year = "2018"
}

@article{Braun-Munzinger:2014lba,
    author = "Braun-Munzinger, Peter and Kalweit, Alexander and Redlich, Krzysztof and Stachel, Johanna",
    title = "{Confronting fluctuations of conserved charges in central nuclear collisions at the LHC with predictions from Lattice QCD}",
    eprint = "1412.8614",
    archivePrefix = "arXiv",
    primaryClass = "hep-ph",
    doi = "10.1016/j.physletb.2015.05.077",
    journal = "Phys. Lett. B",
    volume = "747",
    pages = "292--298",
    year = "2015"
}

@article{Bazavov:2014xya,
    author = "Bazavov, A. and others",
    title = "{Additional Strange Hadrons from QCD Thermodynamics and Strangeness Freezeout in Heavy Ion Collisions}",
    eprint = "1404.6511",
    archivePrefix = "arXiv",
    primaryClass = "hep-lat",
    reportNumber = "BI-TP-2014-10",
    doi = "10.1103/PhysRevLett.113.072001",
    journal = "Phys. Rev. Lett.",
    volume = "113",
    number = "7",
    pages = "072001",
    year = "2014"
}

@article{Alba:2020jir,
    author = "Alba, P. and Sarti, V. Mantovani and Noronha-Hostler, J. and Parotto, P. and Portillo-Vazquez, I. and Ratti, C. and Stafford, J.M.",
    title = "{Influence of hadronic resonances on the chemical freeze-out in heavy-ion collisions}",
    eprint = "2002.12395",
    archivePrefix = "arXiv",
    primaryClass = "hep-ph",
    doi = "10.1103/PhysRevC.101.054905",
    journal = "Phys. Rev. C",
    volume = "101",
    number = "5",
    pages = "054905",
    year = "2020"
}

@article{Alba:2017mqu,
    author = "Alba, Paolo and others",
    title = "{Constraining the hadronic spectrum through QCD thermodynamics on the lattice}",
    eprint = "1702.01113",
    archivePrefix = "arXiv",
    primaryClass = "hep-lat",
    doi = "10.1103/PhysRevD.96.034517",
    journal = "Phys. Rev. D",
    volume = "96",
    number = "3",
    pages = "034517",
    year = "2017"
}

@article{Braun-Munzinger:2020jbk,
    author = "Braun-Munzinger, Peter and Friman, Bengt and Redlich, Krzysztof and Rustamov, Anar and Stachel, Johanna",
    title = "{Relativistic nuclear collisions: Establishing the non-critical baseline for fluctuation measurements}",
    eprint = "2007.02463",
    archivePrefix = "arXiv",
    primaryClass = "nucl-th",
    reportNumber = "CERN-TH-2020-116",
    month = "7",
    year = "2020"
}

@article{Friman:2011pf,
    author = "Friman, B. and Karsch, F. and Redlich, K. and Skokov, V.",
    title = "{Fluctuations as probe of the QCD phase transition and freeze-out in heavy ion collisions at LHC and RHIC}",
    eprint = "1103.3511",
    archivePrefix = "arXiv",
    primaryClass = "hep-ph",
    reportNumber = "BI-TP-2011-07",
    doi = "10.1140/epjc/s10052-011-1694-2",
    journal = "Eur. Phys. J. C",
    volume = "71",
    pages = "1694",
    year = "2011"
}

@article{Karsch:2010ck,
    author = "Karsch, Frithjof and Redlich, Krzysztof",
    title = "{Probing freeze-out conditions in heavy ion collisions with moments of charge fluctuations}",
    eprint = "1007.2581",
    archivePrefix = "arXiv",
    primaryClass = "hep-ph",
    reportNumber = "CERN-PH-TH-2010-161",
    doi = "10.1016/j.physletb.2010.10.046",
    journal = "Phys. Lett. B",
    volume = "695",
    pages = "136--142",
    year = "2011"
}

@article{Andronic:2017pug,
    author = "Andronic, Anton and Braun-Munzinger, Peter and Redlich, Krzysztof and Stachel, Johanna",
    title = "{Decoding the phase structure of QCD via particle production at high energy}",
    eprint = "1710.09425",
    archivePrefix = "arXiv",
    primaryClass = "nucl-th",
    doi = "10.1038/s41586-018-0491-6",
    journal = "Nature",
    volume = "561",
    number = "7723",
    pages = "321--330",
    year = "2018"
}

@article{Karsch:2012wm,
    author = "Karsch, Frithjof",
    title = "{Determination of Freeze-out Conditions from Lattice QCD Calculations}",
    eprint = "1202.4173",
    archivePrefix = "arXiv",
    primaryClass = "hep-lat",
    doi = "10.2478/s11534-012-0074-3",
    journal = "Central Eur. J. Phys.",
    volume = "10",
    pages = "1234--1237",
    year = "2012"
}

@article{Bazavov:2018mes,
    author = "Bazavov, A. and others",
    collaboration = "HotQCD",
    title = "{Chiral crossover in QCD at zero and non-zero chemical potentials}",
    eprint = "1812.08235",
    archivePrefix = "arXiv",
    primaryClass = "hep-lat",
    doi = "10.1016/j.physletb.2019.05.013",
    journal = "Phys. Lett. B",
    volume = "795",
    pages = "15--21",
    year = "2019"
}
@article{Bellwied:2015rza,
    author = {Bellwied, R. and Borsanyi, S. and Fodor, Z. and G\"unther, J. and Katz, S. D. and Ratti, C. and Szabo, K. K.},
    title = "{The QCD phase diagram from analytic continuation}",
    eprint = "1507.07510",
    archivePrefix = "arXiv",
    primaryClass = "hep-lat",
    doi = "10.1016/j.physletb.2015.11.011",
    journal = "Phys. Lett. B",
    volume = "751",
    pages = "559--564",
    year = "2015"
}
@article{Guenther:2017hnx,
    author = "Guenther, J. N. and Bellwied, R. and Borsanyi, S. and Fodor, Z. and Katz, S. D. and Pasztor, A. and Ratti, C. and Szab\'o, K. K.",
    editor = "Heinz, Ulrich and Evdokimov, Olga and Jacobs, Peter",
    title = "{The QCD equation of state at finite density from analytical continuation}",
    eprint = "1607.02493",
    archivePrefix = "arXiv",
    primaryClass = "hep-lat",
    doi = "10.1016/j.nuclphysa.2017.05.044",
    journal = "Nucl. Phys. A",
    volume = "967",
    pages = "720--723",
    year = "2017"
}

@article{Bonati:2018nut,
    author = "Bonati, Claudio and D'Elia, Massimo and Negro, Francesco and Sanfilippo, Francesco and Zambello, Kevin",
    title = "{Curvature of the pseudocritical line in QCD: Taylor expansion matches analytic continuation}",
    eprint = "1805.02960",
    archivePrefix = "arXiv",
    primaryClass = "hep-lat",
    doi = "10.1103/PhysRevD.98.054510",
    journal = "Phys. Rev. D",
    volume = "98",
    number = "5",
    pages = "054510",
    year = "2018"
}
@article{DElia:2018fjp,
    author = "D'Elia, Massimo",
    editor = "Antinori, Federico and Dainese, Andrea and Giubellino, Paolo and Greco, Vincenzo and Lombardo, Maria Paola and Scomparin, Enrico",
    title = "{High-Temperature QCD: theory overview}",
    eprint = "1809.10660",
    archivePrefix = "arXiv",
    primaryClass = "hep-lat",
    doi = "10.1016/j.nuclphysa.2018.10.042",
    journal = "Nucl. Phys. A",
    volume = "982",
    pages = "99--105",
    year = "2019"
}

@article{Bellwied:2019pxh,
    author = "Bellwied, Rene and Borsanyi, Szabolcs and Fodor, Zoltan and Guenther, Jana N. and Noronha-Hostler, Jacquelyn and Parotto, Paolo and Pasztor, Attila and Ratti, Claudia and Stafford, Jamie M.",
    title = "{Off-diagonal correlators of conserved charges from lattice QCD and how to relate them to experiment}",
    eprint = "1910.14592",
    archivePrefix = "arXiv",
    primaryClass = "hep-lat",
    doi = "10.1103/PhysRevD.101.034506",
    journal = "Phys. Rev. D",
    volume = "101",
    number = "3",
    pages = "034506",
    year = "2020"
}

@article{HotQCD:2018pds,
    author = "Bazavov, A. and others",
    collaboration = "HotQCD",
    title = "{Chiral crossover in QCD at zero and non-zero chemical potentials}",
    eprint = "1812.08235",
    archivePrefix = "arXiv",
    primaryClass = "hep-lat",
    doi = "10.1016/j.physletb.2019.05.013",
    journal = "Phys. Lett. B",
    volume = "795",
    pages = "15--21",
    year = "2019"
}

@article{HotQCD:2017qwq,
    author = "Bazavov, A. and others",
    collaboration = "HotQCD",
    title = "{Skewness and kurtosis of net baryon-number distributions at small values of the baryon chemical potential}",
    eprint = "1708.04897",
    archivePrefix = "arXiv",
    primaryClass = "hep-lat",
    doi = "10.1103/PhysRevD.96.074510",
    journal = "Phys. Rev. D",
    volume = "96",
    number = "7",
    pages = "074510",
    year = "2017"
}

@article{Bazavov:2020bjn,
    author = "Bazavov, A. and others",
    title = "{Skewness, kurtosis, and the fifth and sixth order cumulants of net baryon-number distributions from lattice QCD confront high-statistics STAR data}",
    eprint = "2001.08530",
    archivePrefix = "arXiv",
    primaryClass = "hep-lat",
    doi = "10.1103/PhysRevD.101.074502",
    journal = "Phys. Rev. D",
    volume = "101",
    number = "7",
    pages = "074502",
    year = "2020"
}

@article{Hasenbusch:1999cc,
    author = "Hasenbusch, M. and Toeroek, T.",
    title = "{High precision Monte Carlo study of the 3-D XY universality class}",
    eprint = "cond-mat/9904408",
    archivePrefix = "arXiv",
    reportNumber = "HUB-EP-99-18",
    doi = "10.1088/0305-4470/32/36/301",
    journal = "J. Phys. A",
    volume = "32",
    pages = "6361",
    year = "1999"
}

@article{Brambilla:2017hcq,
    author = "Brambilla, N. and Komijani, J. and Kronfeld, A.S. and Vairo, A.",
    collaboration = "TUMQCD",
    title = "{Relations between Heavy-light Meson and Quark Masses}",
    eprint = "1712.04983",
    archivePrefix = "arXiv",
    primaryClass = "hep-ph",
    reportNumber = "FERMILAB-PUB-17-490-T, TUM-EFT-105-17",
    doi = "10.1103/PhysRevD.97.034503",
    journal = "Phys. Rev. D",
    volume = "97",
    number = "3",
    pages = "034503",
    year = "2018"
}
@article{Cucchieri:2002hu,
    author = "Cucchieri, A. and Engels, J. and Holtmann, S. and Mendes, T. and Schulze, T.",
    title = "{Universal amplitude ratios from numerical studies of the three-dimensional O(2) model}",
    eprint = "cond-mat/0202017",
    archivePrefix = "arXiv",
    reportNumber = "BI-TP-2001-21",
    doi = "10.1088/0305-4470/35/31/301",
    journal = "J. Phys. A",
    volume = "35",
    pages = "6517--6544",
    year = "2002"
}

@article{Engels:2000xw,
    author = "Engels, J. and Holtmann, S. and Mendes, T. and Schulze, T.",
    title = "{Equation of state and Goldstone mode effects of the three-dimensional O(2) model}",
    eprint = "hep-lat/0006023",
    archivePrefix = "arXiv",
    reportNumber = "BI-TP-2000-09",
    doi = "10.1016/S0370-2693(00)01079-0",
    journal = "Phys. Lett. B",
    volume = "492",
    pages = "219--227",
    year = "2000"
}

@article{Engels:2001bq,
    author = "Engels, J. and Holtmann, S. and Mendes, T. and Schulze, T.",
    title = "{Finite size scaling functions for 3-d O(4) and O(2) spin models and QCD}",
    eprint = "hep-lat/0105028",
    archivePrefix = "arXiv",
    reportNumber = "BI-TP-2001-07",
    doi = "10.1016/S0370-2693(01)00798-5",
    journal = "Phys. Lett. B",
    volume = "514",
    pages = "299--308",
    year = "2001"
}

@article{Weber:2016fgn,
    author = "Weber, Johannes Heinrich",
    collaboration = "TUMQCD",
    title = "{Single quark entropy and the Polyakov loop}",
    eprint = "1606.06193",
    archivePrefix = "arXiv",
    primaryClass = "hep-lat",
    doi = "10.1142/S0217732316300408",
    journal = "Mod. Phys. Lett. A",
    volume = "31",
    number = "35",
    pages = "1630040",
    year = "2016"
}

@inproceedings{Sarkar:2019jwa,
    author = "Sarkar, Mugdha and Kaczmarek, Olaf and Karsch, Frithjof and Lahiri, Anirban and Schmidt, Christian",
    archivePrefix = "arXiv",
    booktitle = "{37th International Symposium on Lattice Field Theory}",
    eprint = "1912.11001",
    primaryClass = "hep-lat",
    title = "{Conserved charge fluctuations with smaller-than-physical quark masses}",
    year = "2019"
}

@article{Wilson:1971bg,
    author = "Wilson, Kenneth G.",
    doi = "10.1103/PhysRevB.4.3174",
    journal = "Phys. Rev. B",
    pages = "3174--3183",
    title = "{Renormalization group and critical phenomena. 1. Renormalization group and the Kadanoff scaling picture}",
    volume = "4",
    year = "1971"
}

@article{Wilson:1971dh,
    author = "Wilson, Kenneth G.",
    doi = "10.1103/PhysRevB.4.3184",
    journal = "Phys. Rev. B",
    pages = "3184--3205",
    title = "{Renormalization group and critical phenomena. 2. Phase space cell analysis of critical behavior}",
    volume = "4",
    year = "1971"
}

@article{Ding:2019prx,
    author = "Ding, H.T. and others",
    archivePrefix = "arXiv",
    doi = "10.1103/PhysRevLett.123.062002",
    eprint = "1903.04801",
    journal = "Phys. Rev. Lett.",
    number = "6",
    pages = "062002",
    primaryClass = "hep-lat",
    title = "{Chiral Phase Transition Temperature in ( 2+1 )-Flavor QCD}",
    volume = "123",
    year = "2019"
}

@article{Kaczmarek:2011zz,
    author = "Kaczmarek, O. and Karsch, F. and Laermann, E. and Miao, C. and Mukherjee, S. and Petreczky, P. and Schmidt, C. and Soeldner, W. and Unger, W.",
    archivePrefix = "arXiv",
    doi = "10.1103/PhysRevD.83.014504",
    eprint = "1011.3130",
    journal = "Phys. Rev. D",
    pages = "014504",
    primaryClass = "hep-lat",
    title = "{Phase boundary for the chiral transition in (2+1) -flavor QCD at small values of the chemical potential}",
    volume = "83",
    year = "2011"
}


@article{Engels:2011km,
    author = "Engels, J. and Karsch, F.",
    archivePrefix = "arXiv",
    doi = "10.1103/PhysRevD.85.094506",
    eprint = "1105.0584",
    journal = "Phys. Rev. D",
    pages = "094506",
    primaryClass = "hep-lat",
    reportNumber = "BI-TP-2011-06",
    title = "{The scaling functions of the free energy density and its derivatives for the 3d O(4) model}",
    volume = "85",
    year = "2012"
}

@article{Gava:1981qd,
    author = "Gava, E. and Jengo, R.",
    doi = "10.1016/0370-2693(81)90890-X",
    journal = "Phys.\ Lett.\ B",
    pages = "285--289",
    reportNumber = "IC/81/80",
    title = "{Perturbative Evaluation of the Thermal Wilson Loop}",
    volume = "105",
    year = "1981"
}

@article{Brambilla:2010xn,
    author = "Brambilla, Nora and Ghiglieri, Jacopo and Petreczky, Peter and Vairo, Antonio",
    archivePrefix = "arXiv",
    doi = "10.1103/PhysRevD.82.074019",
    eprint = "1007.5172",
    journal = "Phys.\ Rev.\ D",
    pages = "074019",
    primaryClass = "hep-ph",
    reportNumber = "TUM-EFT-2-09",
    title = "{The Polyakov loop and correlator of Polyakov loops at next-to-next-to-leading order}",
    volume = "82",
    year = "2010"
}

@article{Megias:2012kb,
    author = "Megias, E. and Ruiz Arriola, E. and Salcedo, L.L.",
    archivePrefix = "arXiv",
    doi = "10.1103/PhysRevLett.109.151601",
    eprint = "1204.2424",
    journal = "Phys.\ Rev.\ Lett.",
    pages = "151601",
    primaryClass = "hep-ph",
    reportNumber = "UAB-FT-707, INT-PUB-12-018",
    title = "{The Polyakov loop and the hadron resonance gas model}",
    volume = "109",
    year = "2012"
}

@article{Zyla:2020zbs,
    author = "Zyla, P.A. and others",
    collaboration = "Particle Data Group",
    title = "{Review of Particle Physics}",
    doi = "10.1093/ptep/ptaa104",
    journal = "PTEP",
    volume = "2020",
    number = "8",
    pages = "083C01",
    year = "2020"
}

@article{Bazavov:2013yv,
    author = "Bazavov, A. and Petreczky, P.",
    archivePrefix = "arXiv",
    doi = "10.1103/PhysRevD.87.094505",
    eprint = "1301.3943",
    journal = "Phys.\ Rev.\ D",
    number = "9",
    pages = "094505",
    primaryClass = "hep-lat",
    reportNumber = "BNL-99132-2013-JA",
    title = "{Polyakov loop in 2+1 flavor QCD}",
    volume = "87",
    year = "2013"
}

@article{MILC:2010hzw,
    author = "Bazavov, A. and others",
    editor = "Rossi, Giancarlo",
    collaboration = "MILC",
    title = "{Results for light pseudoscalar mesons}",
    eprint = "1012.0868",
    archivePrefix = "arXiv",
    primaryClass = "hep-lat",
    doi = "10.22323/1.105.0074",
    journal = "PoS",
    volume = "LATTICE2010",
    pages = "074",
    year = "2010"
}

@article{Bazavov:2017dus,
    author = "Bazavov, A. and others",
    title = "{The QCD Equation of State to $\mathcal{O}(\mu_B^6)$ from Lattice QCD}",
    eprint = "1701.04325",
    archivePrefix = "arXiv",
    primaryClass = "hep-lat",
    doi = "10.1103/PhysRevD.95.054504",
    journal = "Phys. Rev. D",
    volume = "95",
    number = "5",
    pages = "054504",
    year = "2017"
}
@article{Bazavov:2014pvz,
    author = "Bazavov, A. and others",
    archivePrefix = "arXiv",
    collaboration = "HotQCD",
    doi = "10.1103/PhysRevD.90.094503",
    eprint = "1407.6387",
    journal = "Phys.\ Rev.\ D",
    pages = "094503",
    primaryClass = "hep-lat",
    reportNumber = "BNL-105928-2014-JA",
    title = "{Equation of state in ( 2+1 )-flavor QCD}",
    volume = "90",
    year = "2014"
}

@article{Bazavov:2011nk,
    author = "Bazavov, A. and others",
    archivePrefix = "arXiv",
    doi = "10.1103/PhysRevD.85.054503",
    eprint = "1111.1710",
    journal = "Phys.\ Rev.\ D",
    pages = "054503",
    primaryClass = "hep-lat",
    title = "{The chiral and deconfinement aspects of the QCD transition}",
    volume = "85",
    year = "2012"
}

@article{Kaczmarek:2002mc,
    author = "Kaczmarek, O. and Karsch, F. and Petreczky, P. and Zantow, F.",
    archivePrefix = "arXiv",
    doi = "10.1016/S0370-2693(02)02415-2",
    eprint = "hep-lat/0207002",
    journal = "Phys.\ Lett.\ B",
    pages = "41--47",
    reportNumber = "BI-TP-2002-13",
    title = "{Heavy quark anti-quark free energy and the renormalized Polyakov loop}",
    volume = "543",
    year = "2002"
}


@article{Bazavov:2016uvm,
    author = "Bazavov, A. and Brambilla, N. and Ding, H. -T. and Petreczky, P. and Schadler, H. -P. and Vairo, A. and Weber, J.H.",
    archivePrefix = "arXiv",
    doi = "10.1103/PhysRevD.93.114502",
    eprint = "1603.06637",
    journal = "Phys.\ Rev.\ D",
    number = "11",
    pages = "114502",
    primaryClass = "hep-lat",
    title = "{Polyakov loop in 2+1 flavor QCD from low to high temperatures}",
    volume = "93",
    year = "2016"
}

@article{Matsui:1986dk,
    author = "Matsui, T. and Satz, H.",
    title = "{$J/\psi$ Suppression by Quark-Gluon Plasma Formation}",
    reportNumber = "BNL-38344",
    doi = "10.1016/0370-2693(86)91404-8",
    journal = "Phys. Lett. B",
    volume = "178",
    pages = "416--422",
    year = "1986"
}

@article{Digal:2001iu,
    author = "Digal, S. and Petreczky, P. and Satz, H.",
    archivePrefix = "arXiv",
    doi = "10.1016/S0370-2693(01)00803-6",
    eprint = "hep-ph/0105234",
    journal = "Phys.\ Lett.\ B",
    pages = "57--62",
    reportNumber = "BI-TP-2001-08",
    title = "{String breaking and quarkonium dissociation at finite temperatures}",
    volume = "514",
    year = "2001"
}

@article{Yaffe:1982qf,
    author = "Yaffe, L.G. and Svetitsky, B.",
    doi = "10.1103/PhysRevD.26.963",
    journal = "Phys.\ Rev.\ D",
    pages = "963",
    reportNumber = "CALT-68-913",
    title = "{First Order Phase Transition in the SU(3) Gauge Theory at Finite Temperature}",
    volume = "26",
    year = "1982"
}

@article{McLerran:1981pb,
    author = "McLerran, Larry D. and Svetitsky, Benjamin",
    doi = "10.1103/PhysRevD.24.450",
    journal = "Phys.\ Rev.\ D",
    pages = "450",
    reportNumber = "NSF-ITP-81-08",
    title = "{Quark Liberation at High Temperature: A Monte Carlo Study of SU(2) Gauge Theory}",
    volume = "24",
    year = "1981"
}

@article{Kuti:1980gh,
    author = "Kuti, J. and Polonyi, J. and Szlachanyi, K.",
    doi = "10.1016/0370-2693(81)90987-4",
    month = "9",
    journal = "Phys.\ Lett.\ B",
    volume = "98",
    pages = "199--204",
    reportNumber = "KFKI-1980-67",
    title = "{Monte Carlo Study of SU(2) Gauge Theory at Finite Temperature}",
    year = "1981"
}

@article{McLerran:1980pk,
    author = "McLerran, Larry D. and Svetitsky, Benjamin",
    doi = "10.1016/0370-2693(81)90986-2",
    month = "7",
    journal = "Phys.\ Lett.\ B",
    volume = "98",
    pages = "195--198",
    reportNumber = "SLAC-PUB-2572",
    title = "{A Monte Carlo Study of SU(2) Yang-Mills Theory at Finite Temperature}",
    year = "1981"
}

@article{Pisarski:1983ms,
    author = "Pisarski, Robert D. and Wilczek, Frank",
    doi = "10.1103/PhysRevD.29.338",
    journal = "Phys.\ Rev.\ D",
    pages = "338--341",
    reportNumber = "NSF-ITP-83-152",
    title = "{Remarks on the Chiral Phase Transition in Chromodynamics}",
    volume = "29",
    year = "1984"
}


@article{Kaczmarek:2003ph,
      author         = "Kaczmarek, Olaf and Ejiri, Shinji and Karsch, Frithjof
                        and Laermann, Edwin and Zantow, Felix",
      title          = "{Heavy quark free energies and the renormalized Polyakov
                        loop in full QCD}",
      booktitle      = "{Finite density QCD. Proceedings, International Workshop,
                        Nara, Japan, July 10-12, 2003}",
      journal        = "Prog. Theor. Phys. Suppl.",
      volume         = "153",
      year           = "2004",
      pages          = "287-294",
      doi            = "10.1143/PTPS.153.287",
      eprint         = "hep-lat/0312015",
      archivePrefix  = "arXiv",
      primaryClass   = "hep-lat",
      reportNumber   = "BI-TP-36",
      SLACcitation   = "%%CITATION = HEP-LAT/0312015;%%"
}



@article{philipsen_non-perturbative_2002,
	title = {Non-perturbative formulation of the static color octet potential},
	volume = {535},
	issn = {03702693},
	doi = {10.1016/S0370-2693(02)01777-X},
	number = {1-4},
	journal = {Physics Letters B},
	author = {Philipsen, Owe},
	month = may,
	year = {2002},
	pages = {138--144},
}

@article{brown_remarks_1979,
	title = {Remarks on the static potential in quantum chromodynamics},
	volume = {20},
	issn = {0556-2821},
	doi = {10.1103/PhysRevD.20.3239},
	number = {12},
	journal = {Physical Review D},
	author = {Brown, Lowell S. and Weisberger, William I.},
	month = dec,
	year = {1979},
	pages = {3239--3245},
}

@article{mclerran_monte_1981,
	title = {A {Monte} {Carlo} study of {SU}(2) {Yang}-{Mills} theory at finite temperature},
	volume = {98},
	issn = {03702693},
	doi = {10.1016/0370-2693(81)90986-2},
	number = {3},
	journal = {Phys. Lett. B},
	author = {McLerran, Larry D. and Svetitsky, Benjamin},
	month = jan,
	year = {1981},
	pages = {195--198},
}

@article{karsch_news_2004,
	title = {News from lattice {QCD} on heavy quark potentials and spectral functions of heavy quark states},
	volume = {30},
	issn = {0954-3899, 1361-6471},
	doi = {10.1088/0954-3899/30/8/030},
	number = {8},
	journal = {J. Phys. G},
	author = {Karsch, Frithjof},
	month = aug,
	year = {2004},
	pages = {S887--S894},
}

@article{detar_order_1982,
	title = {Order parameters for the confinement-deconfinement phase transition in {SU}({N}) gauge theories with quarks},
	volume = {119},
	issn = {03702693},
	doi = {10.1016/0370-2693(82)90270-2},
	number = {1-3},
	journal = {Phys. Lett. B},
	author = {DeTar, Carleton and McLerran, Larry},
	month = dec,
	year = {1982},
	pages = {171--173},
}

@article{nadkarni_non-abelian_1986,
	title = {Non-{Abelian} {Debye} screening. {II}. {The} singlet potential},
	volume = {34},
	issn = {0556-2821},
	doi = {10.1103/PhysRevD.34.3904},
	number = {12},
	journal = {Phys. Rev. D},
	author = {Nadkarni, Sudhir},
	month = dec,
	year = {1986},
	pages = {3904--3911},
}

@article{mclerran_quark_1981,
	title = {Quark liberation at high temperature: {A} {Monte} {Carlo} study of {SU}(2) gauge theory},
	volume = {24},
	issn = {0556-2821},
	shorttitle = {Quark liberation at high temperature},
	doi = {10.1103/PhysRevD.24.450},
	number = {2},
	journal = {Phys. Rev. D},
	author = {McLerran, Larry D. and Svetitsky, Benjamin},
	month = jul,
	year = {1981},
	pages = {450--460},
}

@article{kaczmarek_static_2005,
	title = {Static quark-antiquark interactions in zero and finite temperature {QCD}: {I}. {Heavy} quark free energies, running coupling, and quarkonium binding},
	volume = {71},
	issn = {1550-7998, 1550-2368},
	shorttitle = {Static quark-antiquark interactions in zero and finite temperature {QCD}},
	doi = {10.1103/PhysRevD.71.114510},
	number = {11},
	journal = {Phys. Rev. D},
	author = {Kaczmarek, Olaf and Zantow, Felix},
	month = jun,
	year = {2005},
}

@article{kaczmarek_heavy_2002,
	title = {Heavy quark-antiquark free energy and the renormalized {Polyakov} loop},
	volume = {543},
	issn = {03702693},
	doi = {10.1016/S0370-2693(02)02415-2},
	number = {1-2},
	journal = {Phys. Lett. B},
	author = {Kaczmarek, O and Karsch, F and Petreczky, P and Zantow, F},
	month = sep,
	year = {2002},
	pages = {41--47},
}

@article{bazavov_chiral_2012,
	title = {Chiral and deconfinement aspects of the {QCD} transition},
	volume = {85},
        pages = {054503},
	issn = {1550-7998, 1550-2368},
	doi = {10.1103/PhysRevD.85.054503},
	number = {5},
	journal = {Phys. Rev. D},
	author = {Bazavov, A. and others}, 
	month = mar,
	year = {2012},
}

@article{bazavov_nonperturbative_2010,
	title = {Nonperturbative {QCD} simulations with 2 + 1 flavors of improved staggered quarks},
	volume = {82},
	issn = {0034-6861, 1539-0756},
	doi = {10.1103/RevModPhys.82.1349},
	number = {2},
	journal = {Reviews of Modern Physics},
	author = {Bazavov, A. and others}, 
	month = may,
	year = {2010},
	pages = {1349--1417},
}

@article{aubin_light_2004,
	title = {Light hadrons with improved staggered quarks: {Approaching} the continuum limit},
	volume = {70},
	issn = {1550-7998, 1550-2368},
	shorttitle = {Light hadrons with improved staggered quarks},
	doi = {10.1103/PhysRevD.70.094505},
	number = {9},
	journal = {Physical Review D},
	author = {Aubin, C. and others}, 
	month = nov,
	year = {2004},
}

@article{booth_running_1992,
	title = {The running coupling from {SU} (3) lattice gauge theory},
	volume = {294},
	issn = {03702693},
	doi = {10.1016/0370-2693(92)91538-K},
	number = {3-4},
	journal = {Physics Letters B},
	author = {Booth, S.P. and others}, 
	month = nov,
	year = {1992},
	pages = {385--390},
}

@article{schrock_coulomb_2013,
	title = {Coulomb, {Landau} and maximally {Abelian} gauge fixing in lattice {QCD} with multi-{GPUs}},
	volume = {184},
	issn = {00104655},
	doi = {10.1016/j.cpc.2013.03.021},
	number = {8},
	journal = {Computer Physics Communications},
	author = {Schröck, Mario and Vogt, Hannes},
	month = aug,
	year = {2013},
	pages = {1907--1919},
}

@article{mandula_efficient_1990,
	title = {Efficient gauge fixing via overrelaxation},
	volume = {248},
	doi = {https://doi.org/10.1016/0370-2693(90)90031-Z},
	abstract = {Overrelaxation is shown to be an effective technique for fixing the gauge in lattice gauge theories.},
	number = {1-2},
	journal = {Phys. Lett. B},
	author = {Mandula, J. E. and Ogilvie, M.},
	year = {1990},
	pages = {156--158},
	file = {1-s2.0-037026939090031Z-main.pdf:/home/david/Zotero/storage/749GELUN/1-s2.0-037026939090031Z-main.pdf:application/pdf}
}

@article{nadkarni_non-abelian_1986-1,
	title = {Non-{Abelian} {Debye} screening: {The} color-averaged potential},
	volume = {33},
	issn = {0556-2821},
	shorttitle = {Non-{Abelian} {Debye} screening},
	doi = {10.1103/PhysRevD.33.3738},
	number = {12},
	journal = {Physical Review D},
	author = {Nadkarni, Sudhir},
	month = jun,
	year = {1986},
	pages = {3738--3746},
}

@article{jahn_polyakov_2004,
	title = {Polyakov loop and its relation to static quark potentials and free energies},
	volume = {70},
	issn = {1550-7998, 1550-2368},
	doi = {10.1103/PhysRevD.70.074504},
	number = {7},
	journal = {Physical Review D},
	author = {Jahn, Oliver and Philipsen, Owe},
	month = oct,
	year = {2004},
}

@article{bazavov_polyakov_2016,
	title = {Polyakov loop in 2 + 1 flavor {QCD} from low to high temperatures},
	volume = {93},
	issn = {2470-0010, 2470-0029},
	doi = {10.1103/PhysRevD.93.114502},
	number = {11},
	journal = {Phys. Rev. D},
	author = {Bazavov, A. and others}, 
	month = jun,
        pages = {114502},
	year = {2016},
}

@article{Aoki:2019cca,
    author = "Aoki, S. and others",
    collaboration = "Flavour Lattice Averaging Group",
    title = "{FLAG Review 2019: Flavour Lattice Averaging Group (FLAG)}",
    eprint = "1902.08191",
    archivePrefix = "arXiv",
    primaryClass = "hep-lat",
    reportNumber = "FERMILAB-PUB-19-077-T",
    doi = "10.1140/epjc/s10052-019-7354-7",
    journal = "Eur. Phys. J. C",
    volume = "80",
    number = "2",
    pages = "113",
    year = "2020"
}



@article{Vovchenko:2017xad,
    author = "Vovchenko, Volodymyr and Pasztor, Attila and Fodor, Zoltan and Katz, Sandor D. and Stoecker, Horst",
    title = "{Repulsive baryonic interactions and lattice QCD observables at imaginary chemical potential}",
    eprint = "1708.02852",
    archivePrefix = "arXiv",
    primaryClass = "hep-ph",
    doi = "10.1016/j.physletb.2017.10.042",
    journal = "Phys. Lett. B",
    volume = "775",
    pages = "71--78",
    year = "2017"
}

@article{Capstick:1986bm,
    author = "Capstick, Simon and Isgur, Nathan",
    editor = "Oneda, S.",
    title = "{Baryons in a Relativized Quark Model with Chromodynamics}",
    reportNumber = "UTPT-85-34",
    doi = "10.1103/PhysRevD.34.2809",
    journal = "AIP Conf. Proc.",
    volume = "132",
    pages = "267--271",
    year = "1985"
}

@article{Capstick:1986bmxx,
    author = "Capstick, Simon and Isgur, Nathan",
    title = "{Baryons in a Relativized Quark Model with Chromodynamics}",
    reportNumber = "UTPT-85-34",
    doi = "10.1103/PhysRevD.34.2809",
    journal = "Phys. Rev. D",
    volume = "34",
    pages = "2809",
    year = "1986"
}

@article{Faustov:2015eba,
    author = "Faustov, R.N. and Galkin, V.O.",
    title = "{Strange baryon spectroscopy in the relativistic quark model}",
    eprint = "1507.04530",
    archivePrefix = "arXiv",
    primaryClass = "hep-ph",
    doi = "10.1103/PhysRevD.92.054005",
    journal = "Phys. Rev. D",
    volume = "92",
    number = "5",
    pages = "054005",
    year = "2015"
}
@article{Ebert:2009ub,
    author = "Ebert, D. and Faustov, R.N. and Galkin, V.O.",
    title = "{Mass spectra and Regge trajectories of light mesons in the relativistic quark model}",
    eprint = "0903.5183",
    archivePrefix = "arXiv",
    primaryClass = "hep-ph",
    reportNumber = "HU-EP-09-14",
    doi = "10.1103/PhysRevD.79.114029",
    journal = "Phys. Rev. D",
    volume = "79",
    pages = "114029",
    year = "2009"
}

@article{Edwards:2020rbo,
    author = "Edwards, Robert G.",
    title = "{Hadron Spectroscopy}",
    doi = "10.22323/1.363.0253",
    journal = "PoS",
    volume = "LATTICE2019",
    pages = "253",
    year = "2020"
}

@article{Edwards:2011jj,
    author = "Edwards, Robert G. and Dudek, Jozef J. and Richards, David G. and Wallace, Stephen J.",
    title = "{Excited state baryon spectroscopy from lattice QCD}",
    eprint = "1104.5152",
    archivePrefix = "arXiv",
    primaryClass = "hep-ph",
    reportNumber = "JLAB-THY-11-1370",
    doi = "10.1103/PhysRevD.84.074508",
    journal = "Phys. Rev. D",
    volume = "84",
    pages = "074508",
    year = "2011"
}

@article{petreczky_deconfinement_2016,
	title = {Deconfinement and color screening in 2+1 flavor {QCD}},
	volume = {120},
	issn = {2100-014X},
	doi = {10.1051/epjconf/201612007001},
	journal = {EPJ Web of Conferences},
	author = {Petreczky, Péter and Weber, Johannes},
	editor = {Barillari, T. and Bethke, S. and Kluth, S. and Menke, S.},
	year = {2016},
	pages = {07001},
	file = {Petreczky and Weber - 2016 - Deconfinement and color screening in 2+1 flavor QC.pdf:/home/david/Zotero/storage/MTC7E9XA/Petreczky and Weber - 2016 - Deconfinement and color screening in 2+1 flavor QC.pdf:application/pdf}
}

@article{petreczky_lattice_2017,
	title = {Lattice {Calculations} of {Heavy} {Quark} {Potential} at {Finite} {Temperature}},
	volume = {967},
	issn = {03759474},
	doi = {10.1016/j.nuclphysa.2017.04.011},
	journal = {Nuclear Physics A},
	author = {Petreczky, P. and Weber, J.},
	month = nov,
	year = {2017},
	pages = {592--595},
	file = {Petreczky and Weber - 2017 - Lattice Calculations of Heavy Quark Potential at F.pdf:/home/david/Zotero/storage/IZNPIAXM/Petreczky and Weber - 2017 - Lattice Calculations of Heavy Quark Potential at F.pdf:application/pdf}
}
@article{bazavov_equation_2014,
	title = {Equation of state in (2+1)-flavor {QCD}},
	volume = {90},
        pages = {094503},
	issn = {1550-7998, 1550-2368},
	doi = {10.1103/PhysRevD.90.094503},
	number = {9},
	journal = {Phys. Rev. D},
	author = {Bazavov, A. and others},
	month = nov,
	year = {2014},
}

@inproceedings{bernard_results_2011,
	title = {Results for light pseudoscalar mesons},
	doi = {10.22323/1.105.0074},
	booktitle = {Proceedings of {The} {XXVIII} {International} {Symposium} on {Lattice} {Field} {Theory} — {PoS}({Lattice} 2010)},
	publisher = {Sissa Medialab},
	author = {Bernard, Claude},
	month = jun,
	year = {2011},
	pages = {074},
	file = {Bernard - 2011 - Results for light pseudoscalar mesons.pdf:/home/david/Zotero/storage/89TSEMYJ/Bernard - 2011 - Results for light pseudoscalar mesons.pdf:application/pdf}
}

@article{lo_probing_2013,
	title = {Probing deconfinement with {Polyakov} loop susceptibilities},
	doi = {10.1103/PhysRevD.88.014506},
	volume = {88},
	issn = {1550-7998, 1550-2368},
	number = {1},
	journal = {Phys. Rev. D},
	author = {Lo, Pok Man and Friman, Bengt and Kaczmarek, Olaf and Redlich, Krzysztof and Sasaki, Chihiro},
	month = jul,
	year = {2013},
	pages = {014506}
}

@article{lo_polyakov_2013,
	title = {Polyakov loop fluctuations in {SU}(3) lattice gauge theory and an effective gluon potential},
	volume = {88},
	issn = {1550-7998, 1550-2368},
	doi = {10.1103/PhysRevD.88.074502},
	number = {7},
	journal = {Phys. Rev. D},
	author = {Lo, Pok Man and Friman, Bengt and Kaczmarek, Olaf and Redlich, Krzysztof and Sasaki, Chihiro},
	month = oct,
	year = {2013},
	pages = {074502}
}

@article{tanabashi_review_2018,
	title = {Review of {Particle} {Physics}},
	volume = {98},
	issn = {2470-0010, 2470-0029},
	doi = {10.1103/PhysRevD.98.030001},
	language = {en},
	number = {3},
	journal = {Phys. Rev. D},
	author = {Tanabashi, M. and others}, 
	year = {2018},
	pages = {030001}
}

@article{necco_nf0_2002,
	title = {The {$N_f$}=0 heavy quark potential from short to intermediate distances},
	volume = {622},
	issn = {05503213},
	doi = {10.1016/S0550-3213(01)00582-X},
	language = {en},
	number = {1-2},
	journal = {Nucl. Phys. B},
	author = {Necco, Silvia and Sommer, Rainer},
	year = {2002},
	pages = {328--346}
}

@article{kaczmarek_screening_2008,
        title = {Screening at finite temperature and density},
        doi = {10.22323/1.047.0043},
        language = {en},
        author = {Kaczmarek, Olaf},
        journal = {PoS(CPOD07)},
        pages = {043},
        year = {2008},
        file = {Kaczmarek - 2008 - Screening at finite temperature and density.pdf:/home/david/Zotero/storage/AHA279TR/Kaczmarek - 2008 - Screening at finite temperature and density.pdf:application/pdf}
}

@article{Bazavov:2010hj,
    author = "Bazavov, A. and others",
    editor = "Rossi, Giancarlo",
    collaboration = "MILC",
    title = "{Results for light pseudoscalar mesons}",
    eprint = "1012.0868",
    archivePrefix = "arXiv",
    primaryClass = "hep-lat",
    doi = "10.22323/1.105.0074",
    journal = "PoS",
    volume = "LATTICE2010",
    pages = "074",
    year = "2010"
}




@article{cheng_qcd_2008,
        title = {{QCD} equation of state with almost physical quark masses},
        volume = {77},
        issn = {1550-7998, 1550-2368},
        doi = {10.1103/PhysRevD.77.014511},
        language = {en},
        number = {1},
        journal = {Phys. Rev. D},
        author = {Cheng, M. and others},
        year = {2008},
        pages = {014511},
        file = {Cheng et al. - 2008 - QCD equation of state with almost physical quark m.pdf:/home/david/Zotero/storage/72W42S6C/Cheng et al. - 2008 - QCD equation of state with almost physical quark m.pdf:application/pdf}
}

@incollection{plessas_lattice_2002,
        title = {Lattice {QCD} at {High} {Temperature} and {Density}},
        volume = {583},
        isbn = {978-3-540-45792-3},
        booktitle = {Lectures on {Quark} {Matter}},
        publisher = {Springer},
        address = {Berlin, Heidelberg},
        author = {Karsch, Frithjof},
        editor = {Plessas, W. and Mathelitsch, L.},
        doi = {https://doi.org/10.1007/3-540-45792-5_6},
        year = {2002},
        pages = {209--249}
}

@article{gupta_renormalized_2008,
	title = {Renormalized {Polyakov} loops in many representations},
	volume = {77},
	issn = {1550-7998, 1550-2368},
	doi = {10.1103/PhysRevD.77.034503},
	language = {en},
	number = {3},
	journal = {Phys. Rev. D},
	author = {Gupta, Sourendu and Hübner, Kay and Kaczmarek, Olaf},
	month = feb,
	year = {2008},
	pages = {034503}
}

@article{luscher_properties_2010,
	title = {Properties and uses of the {Wilson} flow in lattice {QCD}},
	volume = {2010},
	issn = {1029-8479},
	doi = {10.1007/JHEP08(2010)071},
	language = {en},
	number = {8},
	journal = {J. High Energy Phys.},
	author = {L\"uscher, Martin},
	month = aug,
	year = {2010},
	pages = {071}
}


@article{Bazavov:2019www,
    author = "Bazavov, Alexei and others",
    title = "{Meson screening masses in (2+1)-flavor QCD}",
    eprint = "1908.09552",
    archivePrefix = "arXiv",
    primaryClass = "hep-lat",
    doi = "10.1103/PhysRevD.100.094510",
    journal = "Phys. Rev. D",
    volume = "100",
    number = "9",
    pages = "094510",
    year = "2019"
}

@article{beringer_review_2012,
	title = {Review of Particle Physics},
	volume = {86},
	doi = {10.1103/PhysRevD.86.010001},
	pages = {010001},
	number = {1},
	journal = {Phys. Rev. D},
	author = {Beringer, J. and others}, 
	year = {2012}
}

@article{Bonati:2015bha,
      author         = "Bonati, Claudio and D'Elia, Massimo and Mariti, Marco and
                        Mesiti, Michele and Negro, Francesco and Sanfilippo,
                        Francesco",
      title          = "{Curvature of the chiral pseudocritical line in QCD:
                        Continuum extrapolated results}",
      journal        = "Phys. Rev.",
      volume         = "D92",
      year           = "2015",
      number         = "5",
      pages          = "054503",
      doi            = "10.1103/PhysRevD.92.054503",
      eprint         = "1507.03571",
      archivePrefix  = "arXiv",
      primaryClass   = "hep-lat",
      reportNumber   = "IFUP-TH-2015-07",
      SLACcitation   = "%%CITATION = ARXIV:1507.03571;%%"
}
@article{Vovchenko:2017gkg,
    author = "Vovchenko, Volodymyr and Steinheimer, Jan and Philipsen, Owe and Stoecker, Horst",
    title = "{Cluster Expansion Model for QCD Baryon Number Fluctuations: No Phase Transition at $\mu_B / T < \pi$}",
    eprint = "1711.01261",
    archivePrefix = "arXiv",
    primaryClass = "hep-ph",
    doi = "10.1103/PhysRevD.97.114030",
    journal = "Phys. Rev. D",
    volume = "97",
    number = "11",
    pages = "114030",
    year = "2018"
}
@article{Bollweg:2021vqf,
    author = "Bollweg, D. and Goswami, J. and Kaczmarek, O. and Karsch, F. and Mukherjee, Swagato and Petreczky, P. and Schmidt, C. and Scior, P.",
    collaboration = "HotQCD",
    title = "{Second order cumulants of conserved charge fluctuations revisited: Vanishing chemical potentials}",
    eprint = "2107.10011",
    archivePrefix = "arXiv",
    primaryClass = "hep-lat",
    doi = "10.1103/PhysRevD.104.074512",
    journal = "Phys. Rev. D",
    volume = "104",
    number = "7",
    pages = "074512",
    year = "2021"
}
@article{Borsanyi:2022qlh,
    author = "Borsanyi, Szabolcs and Fodor, Zoltan and Guenther, Jana N. and Kara, Ruben and Parotto, Paolo and Pasztor, Attila and Ratti, Claudia and Szabo, Kalman K.",
    title = "{Resummed lattice QCD equation of state at finite baryon density: strangeness neutrality and beyond}",
    eprint = "2202.05574",
    archivePrefix = "arXiv",
    primaryClass = "hep-lat",
    month = "2",
    year = "2022"
}
@article{Borsanyi:2020fev,
    author = "Borsanyi, Szabolcs and Fodor, Zoltan and Guenther, Jana N. and Kara, Ruben and Katz, Sandor D. and Parotto, Paolo and Pasztor, Attila and Ratti, Claudia and Szabo, Kalman K.",
    title = "{QCD Crossover at Finite Chemical Potential from Lattice Simulations}",
    eprint = "2002.02821",
    archivePrefix = "arXiv",
    primaryClass = "hep-lat",
    doi = "10.1103/PhysRevLett.125.052001",
    journal = "Phys. Rev. Lett.",
    volume = "125",
    number = "5",
    pages = "052001",
    year = "2020"
}

@article{Aoki:2009sc,
    author = "Aoki, Y. and Borsanyi, Szabolcs and Durr, Stephan and Fodor, Zoltan and Katz, Sandor D. and Krieg, Stefan and Szabo, Kalman K.",
    title = "{The QCD transition temperature: results with physical masses in the continuum limit II.}",
    eprint = "0903.4155",
    archivePrefix = "arXiv",
    primaryClass = "hep-lat",
    reportNumber = "WUB-09-01, ITP-BUDAPEST-644, RBRC-782",
    doi = "10.1088/1126-6708/2009/06/088",
    journal = "JHEP",
    volume = "06",
    pages = "088",
    year = "2009"
}


@article{Borsanyi:2010bp,
    author = "Borsanyi, Szabolcs and Fodor, Zoltan and Hoelbling, Christian and Katz, Sandor D and Krieg, Stefan and Ratti, Claudia and Szabo, Kalman K.",
    collaboration = "Wuppertal-Budapest",
    title = "{Is there still any T\_c mystery in lattice QCD? Results with physical masses in the continuum limit III}",
    eprint = "1005.3508",
    archivePrefix = "arXiv",
    primaryClass = "hep-lat",
    reportNumber = "WUB-10-11, MIT-CTP-4152",
    doi = "10.1007/JHEP09(2010)073",
    journal = "JHEP",
    volume = "09",
    pages = "073",
    year = "2010"
}

@article{Follana:2006rc,
    author = "Follana, E. and Mason, Q. and Davies, C. and Hornbostel, K. and Lepage, G.P. and Shigemitsu, J. and Trottier, H. and Wong, K.",
    collaboration = "HPQCD, UKQCD",
    title = "{Highly improved staggered quarks on the lattice, with applications to charm physics}",
    eprint = "hep-lat/0610092",
    archivePrefix = "arXiv",
    doi = "10.1103/PhysRevD.75.054502",
    journal = "Phys. Rev. D",
    volume = "75",
    pages = "054502",
    year = "2007"
}



@article{Clarke:2019tzf,
    title = {Polyakov Loop Susceptibility and Correlators in the Chiral Limit},
        language = {en},
        author = {Clarke, David A. and Kaczmarek, Olaf and Karsch, Frithjof and Lahiri, Anirban},
            eprint = "1911.07668",
    archivePrefix = "arXiv",
    primaryClass = "hep-lat",
        journal = "PoS",
        volume = "LATTICE2019",
        pages = {194},
        year = {2019},
}




@inproceedings{Clarke:2019tzfxx,
    author = "Clarke, David A. and Kaczmarek, Olaf and Karsch, Frithjof and Lahiri, Anirban",
    title = "{Polyakov Loop Susceptibility and Correlators in the Chiral Limit}",
    booktitle = "{37th International Symposium on Lattice Field Theory}",
    eprint = "1911.07668",
    archivePrefix = "arXiv",
    primaryClass = "hep-lat",
    month = "11",
    year = "2019"
}

@article{bazavov_qcd_2017,
	title = {{QCD} equation of state to {$\mathcal{O}(\mu_B^6)$} from lattice {QCD}},
	volume = {95},
	issn = {2470-0010, 2470-0029},
	url = {https://link.aps.org/doi/10.1103/PhysRevD.95.054504},
	doi = {10.1103/PhysRevD.95.054504},
	language = {en},
	number = {5},
	urldate = {2020-04-01},
	journal = {Phys. Rev. D},
	author = {Bazavov, A. and others},
	month = mar,
	year = {2017},
	pages = {054504}
}

@article{Adams:2006ke,
    author = "Adams, J. and others",
    collaboration = "STAR",
    title = "{Scaling Properties of Hyperon Production in Au+Au Collisions at s**(1/2) = 200-GeV}",
    eprint = "nucl-ex/0606014",
    archivePrefix = "arXiv",
    doi = "10.1103/PhysRevLett.98.062301",
    journal = "Phys. Rev. Lett.",
    volume = "98",
    pages = "062301",
    year = "2007"
}

@article{Aggarwal:2010ig,
    author = "Aggarwal, M. M. and others",
    collaboration = "STAR",
    title = "{Strange and Multi-strange Particle Production in Au+Au Collisions at $\sqrt{s_{NN}}$ = 62.4 GeV}",
    eprint = "1010.0142",
    archivePrefix = "arXiv",
    primaryClass = "nucl-ex",
    doi = "10.1103/PhysRevC.83.024901",
    journal = "Phys. Rev. C",
    volume = "83",
    pages = "024901",
    year = "2011"
}


@article{Adamczyk:2017iwn,
    author = "Adamczyk, L. and others",
    collaboration = "STAR",
    title = "{Bulk Properties of the Medium Produced in Relativistic Heavy-Ion Collisions from the Beam Energy Scan Program}",
    eprint = "1701.07065",
    archivePrefix = "arXiv",
    primaryClass = "nucl-ex",
    doi = "10.1103/PhysRevC.96.044904",
    journal = "Phys. Rev. C",
    volume = "96",
    number = "4",
    pages = "044904",
    year = "2017"
}

@article{Adam:2020unf,
    author = "Adam, J. and others",
    collaboration = "STAR",
    title = "{Net-proton number fluctuations and the Quantum Chromodynamics critical point}",
    eprint = "2001.02852",
    archivePrefix = "arXiv",
    primaryClass = "nucl-ex",
    month = "1",
    year = "2020"
}

@article{Pradeep:2019ccv,
    author = "Pradeep, Maneesha Sushama and Stephanov, Mikhail",
    title = "{Universality of the critical point mapping between Ising model and QCD at small quark mass}",
    eprint = "1905.13247",
    archivePrefix = "arXiv",
    primaryClass = "hep-ph",
    doi = "10.1103/PhysRevD.100.056003",
    journal = "Phys. Rev. D",
    volume = "100",
    number = "5",
    pages = "056003",
    year = "2019"
}

@article{Stephanov:2006dn,
    author = "Stephanov, M. A.",
    title = "{QCD critical point and complex chemical potential singularities}",
    eprint = "hep-lat/0603014",
    archivePrefix = "arXiv",
    doi = "10.1103/PhysRevD.73.094508",
    journal = "Phys. Rev. D",
    volume = "73",
    pages = "094508",
    year = "2006"
}

@article{Basar:2021hdf,
    author = "Basar, Gokce",
    title = "{Universality, Lee-Yang Singularities, and Series Expansions}",
    eprint = "2105.08080",
    archivePrefix = "arXiv",
    primaryClass = "hep-th",
    doi = "10.1103/PhysRevLett.127.171603",
    journal = "Phys. Rev. Lett.",
    volume = "127",
    number = "17",
    pages = "171603",
    year = "2021"
}

@article{pubdata,
	author = "D. Bollweg, J. Goswami, O. Kaczmarek, F. Karsch, S. Mukherjee, P. Petreczky, C. Schmidt, and P. Scior",
	doi = "https://doi.org/10.4119/unibi/2962427",
	year = "2022"
}

@inproceedings{Schmidt:2021pey,
	author = "Schmidt, C. and Goswami, J. and Nicotra, G. and Ziesch\'e, F. and Dimopoulos, P. and Di Renzo, F. and Singh, S. and Zambello, K.",
	title = "{Net-baryon number fluctuations}",
	booktitle = "{Criticality in QCD and the Hadron Resonance Gas}",
	eprint = "2101.02254",
	archivePrefix = "arXiv",
	primaryClass = "hep-lat",
	doi = "10.5506/APhysPolBSupp.14.241",
	month = "1",
	year = "2021"
}
